@inproceedings{kosba2016hawk,
  title={Hawk: The blockchain model of cryptography and privacy-preserving smart contracts},
  author={Kosba, Ahmed and Miller, Andrew and Shi, Elaine and Wen, Zikai and Papamanthou, Charalampos},
  booktitle={2016 IEEE symposium on security and privacy (SP)},
  pages={839--858},
  year={2016},
  organization={IEEE}
}
@inproceedings{badertscher2018ouroboros,
  title={Ouroboros genesis: Composable proof-of-stake blockchains with dynamic availability},
  author={Badertscher, Christian and Ga{\v{z}}i, Peter and Kiayias, Aggelos and Russell, Alexander and Zikas, Vassilis},
  booktitle={Proceedings of the 2018 ACM SIGSAC Conference on Computer and Communications Security},
  pages={913--930},
  year={2018}
}
@inproceedings{miller2019sprites,
  title={Sprites and state channels: Payment networks that go faster than lightning},
  author={Miller, Andrew and Bentov, Iddo and Bakshi, Surya and Kumaresan, Ranjit and McCorry, Patrick},
  booktitle={International conference on financial cryptography and data security},
  pages={508--526},
  year={2019},
  organization={Springer}
}
@article{badertscher2024bitcoin,
  title={Bitcoin as a transaction ledger: A composable treatment},
  author={Badertscher, Christian and Maurer, Ueli and Tschudi, Daniel and Zikas, Vassilis},
  journal={Journal of Cryptology},
  volume={37},
  number={2},
  pages={18},
  year={2024},
  publisher={Springer}
}
@inproceedings{dziembowski2018fairswap,
  title={Fairswap: How to fairly exchange digital goods},
  author={Dziembowski, Stefan and Eckey, Lisa and Faust, Sebastian},
  booktitle={Proceedings of the 2018 ACM SIGSAC Conference on Computer and Communications Security},
  pages={967--984},
  year={2018}
}
@inproceedings{aumayr2021blitz,
  title={Blitz: Secure $\{$Multi-Hop$\}$ payments without $\{$Two-Phase$\}$ commits},
  author={Aumayr, Lukas and Moreno-Sanchez, Pedro and Kate, Aniket and Maffei, Matteo},
  booktitle={30th USENIX Security Symposium (USENIX Security 21)},
  pages={4043--4060},
  year={2021}
}
@inproceedings{kiayias2020composable,
  title={A composable security treatment of the lightning network},
  author={Kiayias, Aggelos and Litos, Orfeas Stefanos Thyfronitis},
  booktitle={2020 IEEE 33rd Computer Security Foundations Symposium (CSF)},
  pages={334--349},
  year={2020},
  organization={IEEE}
}
@inproceedings{canetti2019easyuc,
  title={Easyuc: Using easycrypt to mechanize proofs of universally composable security},
  author={Canetti, Ran and Stoughton, Alley and Varia, Mayank},
  booktitle={2019 IEEE 32nd Computer Security Foundations Symposium (CSF)},
  pages={167--16716},
  year={2019},
  organization={IEEE}
}
@inproceedings{liao2019ilc,
  title={ILC: a calculus for composable, computational cryptography},
  author={Liao, Kevin and Hammer, Matthew A and Miller, Andrew},
  booktitle={Proceedings of the 40th ACM SIGPLAN Conference on Programming Language Design and Implementation},
  pages={640--654},
  year={2019}
}
@article{killian2007mace,
  title={Mace: language support for building distributed systems},
  author={Killian, Charles Edwin and Anderson, James W and Braud, Ryan and Jhala, Ranjit and Vahdat, Amin M},
  journal={ACM Sigplan Notices},
  volume={42},
  number={6},
  pages={179--188},
  year={2007},
  publisher={ACM New York, NY, USA}
}
@incollection{tholoniat2022formal,
  title={Formal verification of blockchain byzantine fault tolerance},
  author={Tholoniat, Pierre and Gramoli, Vincent},
  booktitle={Handbook on Blockchain},
  pages={389--412},
  year={2022},
  publisher={Springer}
}
@inproceedings{hawblitzel2015ironfleet,
  title={IronFleet: proving practical distributed systems correct},
  author={Hawblitzel, Chris and Howell, Jon and Kapritsos, Manos and Lorch, Jacob R and Parno, Bryan and Roberts, Michael L and Setty, Srinath and Zill, Brian},
  booktitle={Proceedings of the 25th Symposium on Operating Systems Principles},
  pages={1--17},
  year={2015}
}
@article{bolosky2007farsite,
  title={The Farsite project: a retrospective},
  author={Bolosky, William J and Douceur, John R and Howell, Jon},
  journal={ACM SIGOPS Operating Systems Review},
  volume={41},
  number={2},
  pages={17--26},
  year={2007},
  publisher={ACM New York, NY, USA}
}
@inproceedings{wilcox2015verdi,
  title={Verdi: a framework for implementing and formally verifying distributed systems},
  author={Wilcox, James R and Woos, Doug and Panchekha, Pavel and Tatlock, Zachary and Wang, Xi and Ernst, Michael D and Anderson, Thomas},
  booktitle={Proceedings of the 36th ACM SIGPLAN Conference on Programming Language Design and Implementation},
  pages={357--368},
  year={2015}
}
@inproceedings{yang2009modist,
  title={MODIST: Transparent model checking of unmodified distributed systems},
  author={Yang, Junfeng and Chen, Tisheng and Wu, Ming and Xu, Zhilei and Liu, Xuezheng and Lin, Haoxiang and Yang, Mao and Long, Fan and Zhang, Lintao and Zhou, Lidong},
  booktitle={NSDI 2009},
  pages={213--228},
  year={2009}
}
@inproceedings{killian2007life,
  title={Life, death, and the critical transition: Finding liveness bugs in systems code},
  author={Killian, Charles and Anderson, James W and Jhala, Ranjit and Vahdat, Amin},
  year={2007},
  organization={NSDI}
}
@inproceedings{katz2013universally,
  title={Universally composable synchronous computation},
  author={Katz, Jonathan and Maurer, Ueli and Tackmann, Bj{\"o}rn and Zikas, Vassilis},
  booktitle={Theory of Cryptography Conference},
  pages={477--498},
  year={2013},
  organization={Springer}
}
@inproceedings{uc,
  title={Universally composable security: A new paradigm for cryptographic protocols},
  author={Canetti, Ran},
  booktitle={Proceedings 42nd IEEE Symposium on Foundations of Computer Science},
  pages={136--145},
  year={2001},
  organization={IEEE}
}
@inproceedings{coretti2016constant,
  title={Constant-round asynchronous multi-party computation based on one-way functions},
  author={Coretti, Sandro and Garay, Juan and Hirt, Martin and Zikas, Vassilis},
  booktitle={International Conference on the Theory and Application of Cryptology and Information Security},
  pages={998--1021},
  year={2016},
  organization={Springer}
}
@inproceedings{ciampi2024universal,
  title={Universal composable transaction serialization with order fairness},
  author={Ciampi, Michele and Kiayias, Aggelos and Shen, Yu},
  booktitle={Annual International Cryptology Conference},
  pages={147--180},
  year={2024},
  organization={Springer}
}

@article{bracha,
  title={Asynchronous Byzantine agreement protocols},
  author={Bracha, Gabriel},
  journal={Information and Computation},
  volume={75},
  number={2},
  pages={130--143},
  year={1987},
  publisher={Elsevier}
}

@inproceedings{benor,
  title={Another advantage of free choice (extended abstract) completely asynchronous agreement protocols},
  author={Ben-Or, Michael},
  booktitle={Proceedings of the second annual ACM symposium on Principles of distributed computing},
  pages={27--30},
  year={1983}
}

@article{aba,
  title={Two More Algorithms for Randomized Signature-Free Asynchronous Binary Byzantine Consensus with $ t< n/3$ and $ O (n^2) $ Messages and $ O (1) $ Round Expected Termination},
  author={Crain, Tyler},
  journal={arXiv preprint arXiv:2002.08765},
  year={2020}
}

@inproceedings{mmr,
  title={Signature-free asynchronous Byzantine consensus with t< n/3 and O (n2) messages},
  author={Most{\'e}faoui, Achour and Moumen, Hamouma and Raynal, Michel},
  booktitle={Proceedings of the 2014 ACM symposium on Principles of distributed computing},
  pages={2--9},
  year={2014}
}

@inproceedings{liao2019ilc,
  title={ILC: a calculus for composable, computational cryptography},
  author={Liao, Kevin and Hammer, Matthew A and Miller, Andrew},
  booktitle={Proceedings of the 40th ACM SIGPLAN Conference on Programming Language Design and Implementation},
  pages={640--654},
  year={2019}
}
@inproceedings{canetti2019easyuc,
  title={Easyuc: Using easycrypt to mechanize proofs of universally composable security},
  author={Canetti, Ran and Stoughton, Alley and Varia, Mayank},
  booktitle={2019 IEEE 32nd Computer Security Foundations Symposium (CSF)},
  pages={167--16716},
  year={2019},
  organization={IEEE}
}
@inproceedings{barbosa2021mechanized,
  title={Mechanized proofs of adversarial complexity and application to universal composability},
  author={Barbosa, Manuel and Barthe, Gilles and Gr{\'e}goire, Benjamin and Koutsos, Adrien and Strub, Pierre-Yves},
  booktitle={Proceedings of the 2021 ACM SIGSAC Conference on Computer and Communications Security},
  pages={2541--2563},
  year={2021}
}
@article{morrisett2021ipdl,
  title={IPDL: A simple framework for formally verifying distributed cryptographic protocols},
  author={Morrisett, Greg and Shi, Elaine and Sojakova, Kristina and Fan, Xiong and Gancher, Joshua},
  journal={Cryptology ePrint Archive},
  year={2021}
}
