@misc{variablehybrids,
    author       = {Marc Fischlin and
		    Arno Mittelbach},
    title        = {An Overview of the Hybrid Argument},
    howpublished = {Cryptology ePrint Archive, Report 2021/088},
    year         = {2021},
    note         = {\url{https://ia.cr/2021/088}},
}
@inproceedings{canettiUC,
  title={Universally composable security: A new paradigm for cryptographic protocols},
  author={Canetti, Ran},
  booktitle={Proceedings 42nd IEEE Symposium on Foundations of Computer Science},
  pages={136--145},
  year={2001},
  organization={IEEE}
}

@inproceedings{das2018work,
  title={Work analysis with resource-aware session types},
  author={Das, Ankush and Hoffmann, Jan and Pfenning, Frank},
  booktitle={Proceedings of the 33rd Annual ACM/IEEE Symposium on Logic in Computer Science},
  pages={305--314},
  year={2018}
}

@article{dasnomos,
  title={Resource-aware session types for digital contracts},
  author={Das, Ankush and Balzer, Stephanie and Hoffmann, Jan and Pfenning, Frank and Santurkar, Ishani},
  journal={arXiv preprint arXiv:1902.06056},
  year={2019}
}

@inproceedings{ilc,
  title={ILC: a calculus for composable, computational cryptography},
  author={Liao, Kevin and Hammer, Matthew A and Miller, Andrew},
  booktitle={Proceedings of the 40th ACM SIGPLAN Conference on Programming Language Design and Implementation},
  pages={640--654},
  year={2019}
}

@article{cervesato2009relating,
  title={Relating state-based and process-based concurrency through linear logic (full-version)},
  author={Cervesato, Iliano and Scedrov, Andre},
  journal={Information and Computation},
  volume={207},
  number={10},
  pages={1044--1077},
  year={2009},
  publisher={Elsevier}
}

@article{balzer2017manifest,
  title={Manifest sharing with session types},
  author={Balzer, Stephanie and Pfenning, Frank},
  journal={Proceedings of the ACM on Programming Languages},
  volume={1},
  number={ICFP},
  pages={1--29},
  year={2017},
  publisher={ACM New York, NY, USA}
}

@inproceedings{caires2010session,
  title={Session types as intuitionistic linear propositions},
  author={Caires, Lu{\'\i}s and Pfenning, Frank},
  booktitle={International Conference on Concurrency Theory},
  pages={222--236},
  year={2010},
  organization={Springer}
}

@article{girard1987linear,
  title={Linear logic},
  author={Girard, Jean-Yves},
  journal={Theoretical computer science},
  volume={50},
  number={1},
  pages={1--101},
  year={1987},
  publisher={Elsevier}
}

@article{ipdl,
  title={IPDL: A simple framework for formally verifying distributed cryptographic protocols},
  author={Morrisett, Greg and Shi, Elaine and Sojakova, Kristina and Fan, Xiong and Gancher, Joshua},
  journal={Cryptology ePrint Archive},
  year={2021}
}

@inproceedings{easyuc,
  title={EasyUC: Using EasyCrypt to mechanize proofs of universally composable security},
  author={Canetti, Ran and Stoughton, Alley and Varia, Mayank},
  booktitle={2019 IEEE 32nd Computer Security Foundations Symposium (CSF)},
  pages={167--16716},
  year={2019},
  organization={IEEE}
}

@inproceedings{barbosa,
  title={Mechanized proofs of adversarial complexity and application to universal composability},
  author={Barbosa, Manuel and Barthe, Gilles and Gr{\'e}goire, Benjamin and Koutsos, Adrien and Strub, Pierre-Yves},
  booktitle={Proceedings of the 2021 ACM SIGSAC Conference on Computer and Communications Security},
  pages={2541--2563},
  year={2021}
}

@incollection{easycrypt,
  title={Easycrypt: A tutorial},
  author={Barthe, Gilles and Dupressoir, Fran{\c{c}}ois and Gr{\'e}goire, Benjamin and Kunz, C{\'e}sar and Schmidt, Benedikt and Strub, Pierre-Yves},
  booktitle={Foundations of security analysis and design vii},
  pages={146--166},
  year={2013},
  publisher={Springer}
}

@inproceedings{hofheinzcommitment,
  title={Universally composable commitments using random oracles},
  author={Hofheinz, Dennis and M{\"u}ller-Quade, J{\"o}rn},
  booktitle={Theory of Cryptography Conference},
  pages={58--76},
  year={2004},
  organization={Springer}
}

@article{symbolicuc,
  title={Symbolic universal composability},
  author={B{\"o}hl, Florian and Unruh, Dominique},
  journal={Journal of Computer Security},
  volume={24},
  number={1},
  pages={1--38},
  year={2016},
  publisher={IOS Press}
}

@inproceedings{suc,
  title={A simpler variant of universally composable security for standard multiparty computation},
  author={Canetti, Ran and Cohen, Asaf and Lindell, Yehuda},
  booktitle={Annual Cryptology Conference},
  pages={3--22},
  year={2015},
  organization={Springer}
}

@inproceedings{juc,
  title={Universal composition with joint state},
  author={Canetti, Ran and Rabin, Tal},
  booktitle={Annual International Cryptology Conference},
  pages={265--281},
  year={2003},
  organization={Springer}
}

@article{gnuc,
  title={GNUC: A new universal composability framework},
  author={Hofheinz, Dennis and Shoup, Victor},
  journal={Journal of Cryptology},
  volume={28},
  number={3},
  pages={423--508},
  year={2015},
  publisher={Springer}
}

@inproceedings{camenischuc,
  title={Universal composition with responsive environments},
  author={Camenisch, Jan and Enderlein, Robert R and Krenn, Stephan and K{\"u}sters, Ralf and Rausch, Daniel},
  booktitle={International Conference on the Theory and Application of Cryptology and Information Security},
  pages={807--840},
  year={2016},
  organization={Springer}
}

@inproceedings{certicrypt,
  title={Formal certification of code-based cryptographic proofs},
  author={Barthe, Gilles and Gr{\'e}goire, Benjamin and Zanella B{\'e}guelin, Santiago},
  booktitle={Proceedings of the 36th annual ACM SIGPLAN-SIGACT symposium on Principles of programming languages},
  pages={90--101},
  year={2009}
}

@inproceedings{cryptoverif,
  title={CryptoVerif: Computationally sound mechanized prover for cryptographic protocols},
  author={Blanchet, Bruno},
  booktitle={Dagstuhl seminar â€œFormal Protocol Verification Applied},
  volume={117},
  pages={156},
  year={2007}
}

@inproceedings{cryptol,
  title={Cryptol: High assurance, retargetable crypto development and validation},
  author={Lewis, Jeffrey R and Martin, Brad},
  booktitle={IEEE Military Communications Conference, 2003. MILCOM 2003.},
  volume={2},
  pages={820--825},
  year={2003},
  organization={IEEE}
}

@inproceedings{fstar,
  title={Dependent types and multi-monadic effects in F},
  author={Swamy, Nikhil and Hri{\c{t}}cu, C{\u{a}}t{\u{a}}lin and Keller, Chantal and Rastogi, Aseem and Delignat-Lavaud, Antoine and Forest, Simon and Bhargavan, Karthikeyan and Fournet, C{\'e}dric and Strub, Pierre-Yves and Kohlweiss, Markulf and others},
  booktitle={Proceedings of the 43rd annual ACM SIGPLAN-SIGACT Symposium on Principles of Programming Languages},
  pages={256--270},
  year={2016}
}
